%% This BibTeX bibliography file was created using BibDesk.
%% http://bibdesk.sourceforge.net/

@article{chappell2008variational,
  title={Variational Bayesian inference for a nonlinear forward model},
  author={Chappell, Michael A and Groves, Adrian R and Whitcher, Brandon and Woolrich, Mark W},
  journal={IEEE Transactions on Signal Processing},
  volume={57},
  number={1},
  pages={223--236},
  year={2008},
  publisher={IEEE}
}

@article{woolrich2009bayesian,
  title={Bayesian analysis of neuroimaging data in FSL},
  author={Woolrich, Mark W and Jbabdi, Saad and Patenaude, Brian and Chappell, Michael and Makni, Salima and Behrens, Timothy and Beckmann, Christian and Jenkinson, Mark and Smith, Stephen M},
  journal={Neuroimage},
  volume={45},
  number={1},
  pages={S173--S186},
  year={2009},
  publisher={Elsevier}
}

@article{smith2004advances,
  title={Advances in functional and structural MR image analysis and implementation as FSL},
  author={Smith, Stephen M and Jenkinson, Mark and Woolrich, Mark W and Beckmann, Christian F and Behrens, Timothy EJ and Johansen-Berg, Heidi and Bannister, Peter R and De Luca, Marilena and Drobnjak, Ivana and Flitney, David E and others},
  journal={Neuroimage},
  volume={23},
  pages={S208--S219},
  year={2004},
  publisher={Elsevier}
}

@article{jenkinson2012fsl,
  title={Fsl},
  author={Jenkinson, Mark and Beckmann, Christian F and Behrens, Timothy EJ and Woolrich, Mark W and Smith, Stephen M},
  journal={Neuroimage},
  volume={62},
  number={2},
  pages={782--790},
  year={2012},
  publisher={Elsevier}
}

@article{ahlgren2014partial,
  title={Partial volume correction of brain perfusion estimates using the inherent signal data of time-resolved arterial spin labeling},
 author={Ahlgren, Andr\'{e} and Wirestam, Ronnie and Petersen, Esben Thade and St\r{a}hlberg, Freddy and Knutsson, Linda},
  journal={NMR in Biomedicine},
  volume={27},
  number={9},
  pages={1112--1122},
  year={2014},
  publisher={Wiley Online Library}
}

@article{asllani2008regression,
  title={Regression algorithm correcting for partial volume effects in arterial spin labeling MRI},
  author={Asllani, Iris and Borogovac, Ajna and Brown, Truman R},
  journal={Magnetic Resonance in Medicine: An Official Journal of the International Society for Magnetic Resonance in Medicine},
  volume={60},
  number={6},
  pages={1362--1371},
  year={2008},
  publisher={Wiley Online Library}
}

@article{valcarcel2018mimosa,
  title={MIMoSA: an automated method for intermodal segmentation analysis of multiple sclerosis brain lesions},
  author={Valcarcel, Alessandra M and Linn, Kristin A and Vandekar, Simon N and Satterthwaite, Theodore D and Muschelli, John and Calabresi, Peter A and Pham, Dzung L and Martin, Melissa Lynne and Shinohara, Russell T},
  journal={Journal of Neuroimaging},
  volume={28},
  number={4},
  pages={389--398},
  year={2018},
  publisher={Wiley Online Library}
}

@article{valcarcel2018dual,
  title={A dual modeling approach to automatic segmentation of cerebral T2 hyperintensities and T1 black holes in multiple sclerosis},
  author={Valcarcel, Alessandra M and Linn, Kristin A and Khalid, Fariha and Vandekar, Simon N and Tauhid, Shahamat and Satterthwaite, Theodore D and Muschelli, John and Martin, Melissa Lynne and Bakshi, Rohit and Shinohara, Russell T},
  journal={NeuroImage: Clinical},
  volume={20},
  pages={1211--1221},
  year={2018},
  publisher={Elsevier}
}

@article{Ava+etal:08,
  title={Symmetric diffeomorphic image registration with
                  cross-correlation: evaluating automated labeling of
                  elderly and neurodegenerative brain}, 
  author={Avants, Brian B and Epstein, Charles L and Grossman, Murray
                  and Gee, James C}, 
  journal={Medical image analysis},
  volume={12},
  number={1},
  pages={26--41},
  year={2008},
  publisher={Elsevier}
}

@article{Cal+etal:06,
  title={Method for multimodal analysis of independent source differences in schizophrenia: combining gray matter structural and auditory oddball functional data},
  author={Calhoun, Vince D and Adali, Tulay and Giuliani, NR and Pekar, JJ and Kiehl, KA and Pearlson, GD},
  journal={Human brain mapping},
  volume={27},
  number={1},
  pages={47--62},
  year={2006},
  publisher={Wiley Online Library}
}

@article{Cal+etal:09,
  title={Feature-based fusion of medical imaging data},
  author={Calhoun, Vince D and Adal, T{\"U}lay},
  journal={IEEE Transactions on Information Technology in Biomedicine},
  volume={13},
  number={5},
  pages={711--720},
  year={2009},
  publisher={IEEE}
}

@article{casanova2007biological,
  title={Biological parametric mapping: a statistical toolbox for multimodality brain image analysis},
  author={Casanova, Ramon and Srikanth, Ryali and Baer, Aaron and Laurienti, Paul J and Burdette, Jonathan H and Hayasaka, Satoru and Flowers, Lynn and Wood, Frank and Maldjian, Joseph A},
  journal={Neuroimage},
  volume={34},
  number={1},
  pages={137--143},
  year={2007},
  publisher={Elsevier}
}

@article{chappell2011partial,
  title={Partial volume correction of multiple inversion time arterial spin labeling MRI data},
  author={Chappell, Michael A and Groves, Adrian R and MacIntosh, Bradley J and Donahue, Manus J and Jezzard, Peter and Woolrich, Mark W},
  journal={Magnetic Resonance in Medicine},
  volume={65},
  number={4},
  pages={1173--1183},
  year={2011},
  publisher={Wiley Online Library}
}

@article{Cor+etal:10,
  title={Canonical correlation analysis for data fusion and group inferences},
  author={Correa, Nicolle M and Adali, Tulay and Li, Yi-Ou and Calhoun, Vince D},
  journal={IEEE signal processing magazine},
  volume={27},
  number={4},
  pages={39--50},
  year={2010},
  publisher={IEEE}
}

@Manual{cran,
  title        = {R: A Language and Environment for Statistical
                  Computing},
  author       = {{R Core Team}},
  organization = {R Foundation for Statistical Computing},
  address      = {Vienna, Austria},
  year         = 2014,
  url          = {http://www.R-project.org}
}

@article{Cun+etal:02,
  title={Amygdalo-cortical sprouting continues into early adulthood: Implications for the development of normal and abnormal function during adolescence},
  author={Cunningham, Miles Gregory and Bhattacharyya, Sujoy and Benes, Francine Mary},
  journal={Journal of Comparative Neurology},
  volume={453},
  number={2},
  pages={116--130},
  year={2002},
  publisher={Wiley Online Library}
}

@article{Hay+etal:06,
title = "A non-parametric approach for co-analysis of multi-modal
                  brain imaging data: Application to Alzheimer's
                  disease ", 
journal = "NeuroImage ",
volume = "30",
number = "3",
pages = "768 - 779",
year = "2006",
note = "",
issn = "1053-8119",
doi = "http://dx.doi.org/10.1016/j.neuroimage.2005.10.052",
url = "http://www.sciencedirect.com/science/article/pii/S1053811905024134",
author = "Satoru Hayasaka and An-Tao Du and Audrey Duarte and John
                  Kornak and Geon-Ho Jahng and Michael W. Weiner and
                  Norbert Schuff", 
keywords = "Permutation",
keywords = "Combining function",
keywords = "Multiple modalities",
keywords = "Conjunction "
}

@article{Jam+etal:14,
  title={Medical image fusion: A survey of the state of the art},
  author={James, Alex Pappachen and Dasarathy, Belur V},
  journal={Information Fusion},
  volume={19},
  pages={4--19},
  year={2014},
  publisher={Elsevier}
}

@article{Lev+etal:16,
title = "Sample-poor estimation of order and common signal subspace
                  with application to fusion of medical imaging data
                  ", 
journal = "NeuroImage ",
volume = "134",
number = "",
pages = "486 - 493",
year = "2016",
note = "",
issn = "1053-8119",
doi = "http://dx.doi.org/10.1016/j.neuroimage.2016.03.058",
url = "http://www.sciencedirect.com/science/article/pii/S1053811916300027",
author = "Yuri Levin-Schwartz and Yang Song and Peter J. Schreier and
                  Vince D. Calhoun and Tülay Adalı", 
}

@inproceedings{Liu+etal:15,
  title={Parallel group ICA for multimodal biomedical data analyses},
  author={Liu, Jingyu and Chen, Jiayu and Calhoun, Vince D},
  booktitle={Bioinformatics and Biomedicine (BIBM), 2015 IEEE International Conference on},
  pages={1084--1091},
  year={2015},
  organization={IEEE}
}

@article{mar+etal:04,
  title={Concurrent EEG/fMRI analysis by multiway partial least squares},
  author={Mart{\i}nez-Montes, Eduardo and Vald{\'e}s-Sosa, Pedro A and
                  Miwakeichi, Fumikazu and Goldman, Robin I and Cohen,
                  Mark S}, 
  journal={NeuroImage},
  volume={22},
  number={3},
  pages={1023--1034},
  year={2004},
  publisher={Elsevier}
}

@article{Sat+etal:14,
  title={Neuroimaging of the Philadelphia neurodevelopmental cohort},
  author={Satterthwaite, Theodore D and Elliott, Mark A and Ruparel,
                  Kosha and Loughead, James and Prabhakaran, Karthik
                  and Calkins, Monica E and Hopson, Ryan and Jackson,
                  Chad and Keefe, Jack and Riley, Marisa and others}, 
  journal={Neuroimage},
  volume={86},
  pages={544--553},
  year={2014},
  publisher={Elsevier}
}

@article{Sat+etal:16,
  title={The philadelphia neurodevelopmental cohort: a publicly available resource for the study of normal and abnormal brain development in youth},
  author={Satterthwaite, Theodore D and Connolly, John J and Ruparel, Kosha and Calkins, Monica E and Jackson, Chad and Elliott, Mark A and Roalf, David R and Hopsona, Karthik Prabhakaran Ryan and Behr, Meckenzie and Qiu, Haijun and others},
  journal={Neuroimage},
  volume={124},
  pages={1115--1119},
  year={2016},
  publisher={Elsevier}
}

@article{Sat+Shi+etal:14,
  title={Impact of puberty on the evolution of cerebral perfusion during adolescence},
  author={Satterthwaite, Theodore D and Shinohara, Russell T and Wolf, Daniel H and Hopson, Ryan D and Elliott, Mark A and Vandekar, Simon N and Ruparel, Kosha and Calkins, Monica E and Roalf, David R and Gennatas, Efstathios D and others},
  journal={Proceedings of the National Academy of Sciences},
  volume={111},
  number={23},
  pages={8643--8648},
  year={2014},
  publisher={National Acad Sciences}
}

@article{scikit-learn,
 title={Scikit-learn: Machine Learning in {P}ython},
 author={Pedregosa, F. and Varoquaux, G. and Gramfort, A. and Michel, V.
         and Thirion, B. and Grisel, O. and Blondel, M. and Prettenhofer, P.
         and Weiss, R. and Dubourg, V. and Vanderplas, J. and Passos, A. and
         Cournapeau, D. and Brucher, M. and Perrot, M. and Duchesnay, E.},
 journal={Journal of Machine Learning Research},
 volume={12},
 pages={2825--2830},
 year={2011}
}

@article{Shi+etal:14,
  title={Statistical normalization techniques for magnetic resonance imaging},
  author={Shinohara, Russell T and Sweeney, Elizabeth M and Goldsmith,
                  Jeff and Shiee, Navid and Mateen, Farrah J and
                  Calabresi, Peter A and Jarso, Samson and Pham, Dzung
                  L and Reich, Daniel S and Crainiceanu, Ciprian M and
                  others}, 
  journal={NeuroImage: Clinical},
  volume={6},
  pages={9--19},
  year={2014},
  publisher={Elsevier}
}

@article{Sui+etal:12,
title = "A review of multivariate methods for multimodal fusion of brain imaging data",  
journal = "Journal of Neuroscience Methods ",
volume = "204",
number = "1",
pages = "68 - 81",
year = "2012",
note = "",
issn = "0165-0270",
doi = "http://dx.doi.org/10.1016/j.jneumeth.2011.10.031",
url = "http://www.sciencedirect.com/science/article/pii/S0165027011006820",
author = "Jing Sui and Tülay Adali and Qingbao Yu and Jiayu Chen and Vince D. Calhoun",
keywords = "Multivariate methods",
keywords = "Multimodal fusion",
keywords = "ICA",
keywords = "CCA",
keywords = "PLS",
keywords = "MRI "
}

@article{Sui+etal:14,
title = "Function–structure associations of the brain: Evidence from
                  multimodal connectivity and covariance studies ", 
journal = "NeuroImage ",
volume = "102, Part 1",
number = "",
pages = "11 - 23",
year = "2014",
note = "Multimodal Data Fusion ",
issn = "1053-8119",
doi = "http://dx.doi.org/10.1016/j.neuroimage.2013.09.044",
url = "http://www.sciencedirect.com/science/article/pii/S1053811913009804",
author = "Jing Sui and Rene Huster and Qingbao Yu and Judith M. Segall and Vince D. Calhoun",
}

@article{Ulu+etal:14,
title = "General overview on the merits of multimodal neuroimaging data fusion ",
journal = "NeuroImage ",
volume = "102, Part 1",
number = "",
pages = "3 - 10",
year = "2014",
note = "Multimodal Data Fusion ",
issn = "1053-8119",
doi = "http://dx.doi.org/10.1016/j.neuroimage.2014.05.018",
url = "http://www.sciencedirect.com/science/article/pii/S1053811914003838",
author = "K\^{a}mil Uluda\v{g} and Alard Roebroeck"
}

@article{Val+etal:18,
  title={MIMoSA: an automated method for intermodal segmentation analysis of multiple sclerosis brain lesions},
  author={Valcarcel, Alessandra M and Linn, Kristin A and Vandekar, Simon N and Satterthwaite, Theodore D and Muschelli, John and Calabresi, Peter A and Pham, Dzung L and Martin, Melissa Lynne and Shinohara, Russell T},
  journal={Journal of Neuroimaging},
  volume={28},
  number={4},
  pages={389--398},
  year={2018},
  publisher={Wiley Online Library}
}

@article{Val+etal:18b,
  title={A dual modeling approach to automatic segmentation of cerebral T2 hyperintensities and T1 black holes in multiple sclerosis},
  author={Valcarcel, Alessandra M and Linn, Kristin A and Khalid, Fariha and Vandekar, Simon N and Tauhid, Shahamat and Satterthwaite, Theodore D and Muschelli, John and Martin, Melissa Lynne and Bakshi, Rohit and Shinohara, Russell T},
  journal={NeuroImage: Clinical},
  volume={20},
  pages={1211--1221},
  year={2018},
  publisher={Elsevier}
}

@article{Van+etal:16,
  title={Subject-level measurement of local cortical coupling},
  author={Vandekar, Simon N and Shinohara, Russell T and Raznahan, Armin and Hopson, Ryan D and Roalf, David R and Ruparel, Kosha and Gur, Ruben C and Gur, Raquel E and Satterthwaite, Theodore D},
  journal={NeuroImage},
  volume={133},
  pages={88--97},
  year={2016},
  publisher={Elsevier}
}

@article{Wan+etal:15,
  title={Large-scale fusion of gray matter and resting-state
                  functional MRI Reveals common and distinct
                  biological markers across the psychosis spectrum in
                  the B-SNIP cohort}, 
  author={Wang, Zheng and Meda, Shashwath A and Keshavan, Matcheri S
                  and Tamminga, Carol A and Sweeney, John A and
                  Clementz, Brett A and Schretlen, David J and
                  Calhoun, Vince D and Lui, Su and Pearlson, Godfrey
                  D}, 
  journal={Frontiers in psychiatry},
  volume={6},
  year={2015},
  publisher={Frontiers Media SA}
}

@article{Wu+etal:07,
  title={A theoretical and experimental investigation of the tagging
                  efficiency of pseudocontinuous arterial spin
                  labeling}, 
  author={Wu, Wen-Chau and Fern{\'a}ndez-Seara, Mar{\'\i}a and Detre,
                  John A and Wehrli, Felix W and Wang, Jiongjiong}, 
  journal={Magnetic Resonance in Medicine},
  volume={58},
  number={5},
  pages={1020--1027},
  year={2007},
  publisher={Wiley Online Library}
}

@article{yang2011biological,
  title={Biological parametric mapping with robust and non-parametric statistics},
  author={Yang, Xue and Beason-Held, Lori and Resnick, Susan M and Landman, Bennett A},
  journal={Neuroimage},
  volume={57},
  number={2},
  pages={423--430},
  year={2011},
  publisher={Elsevier}
}

@article{yang2012biological,
  title={Biological parametric mapping accounting for random regressors with regression calibration and model II regression},
  author={Yang, Xue and Lauzon, Carolyn B and Crainiceanu, Ciprian and Caffo, Brian and Resnick, Susan M and Landman, Bennett A},
  journal={NeuroImage},
  volume={62},
  number={3},
  pages={1761--1768},
  year={2012},
  publisher={Elsevier}
}

@article{Zhu+etal:14,
title = "Fusing \{DTI\} and fMRI data: A survey of methods and applications ",
journal = "NeuroImage ",
volume = "102, Part 1",
number = "",
pages = "184 - 191",
year = "2014",
note = "Multimodal Data Fusion ",
issn = "1053-8119",
doi = "http://dx.doi.org/10.1016/j.neuroimage.2013.09.071",
url = "http://www.sciencedirect.com/science/article/pii/S1053811913010070",
author = "Dajiang Zhu and Tuo Zhang and Xi Jiang and Xintao Hu and Hanbo Chen and Ning Yang and Jinglei Lv and Junwei Han and Lei Guo and Tianming Liu"
}


@article{avants2009advanced,
  title={Advanced normalization tools (ANTS)},
  author={Avants, Brian B and Tustison, Nick and Song, Gang},
  journal={Insight j},
  volume={2},
  number={365},
  pages={1--35},
  year={2009}
}

@article{tustison2014large,
  title={Large-scale evaluation of ANTs and FreeSurfer cortical thickness measurements},
  author={Tustison, Nicholas J and Cook, Philip A and Klein, Arno and Song, Gang and Das, Sandhitsu R and Duda, Jeffrey T and Kandel, Benjamin M and van Strien, Niels and Stone, James R and Gee, James C and others},
  journal={Neuroimage},
  volume={99},
  pages={166--179},
  year={2014},
  publisher={Elsevier}
}

@article{tustison2010n4itk,
  title={N4ITK: improved N3 bias correction},
  author={Tustison, Nicholas J and Avants, Brian B and Cook, Philip A and Zheng, Yuanjie and Egan, Alexander and Yushkevich, Paul A and Gee, James C},
  journal={IEEE transactions on medical imaging},
  volume={29},
  number={6},
  pages={1310--1320},
  year={2010},
  publisher={IEEE}
}

@article{avants2011open,
  title={An open source multivariate framework for n-tissue segmentation with evaluation on public data},
  author={Avants, Brian B and Tustison, Nicholas J and Wu, Jue and Cook, Philip A and Gee, James C},
  journal={Neuroinformatics},
  volume={9},
  number={4},
  pages={381--400},
  year={2011},
  publisher={Springer}
}